// @string{aplas="Asian Programming Languages Symposium (APLAS)"}
// @string{concur="CONCUR"}
// @string{cpp="Certified Programs and Proofs (CPP)"}
// @string{csl="Computer Science Logic (CSL)"}
// @string{dls="Dynamic Languages Symposium (DLS)"}
// @string{dbpl="Database Programming Languages (DBPL)"}
// @string{ecoop="European Conference on Object-Oriented Programming (ECOOP)"}
// @string{esop="European Symposium on Programming (ESOP)"}
// @string{eurosys="European Conference on Computer Systems (EuroSys)"}
// @string{flops="Functional and Logic Programming (FLOPS)"}
// @string{fossacs="Foundations of Software Science and Computation (FoSSaCS)"}
// @string{gpce="Generative Programming: Concepts and Experiences (GPCE)"}
// @string{fpca="Functional Programming Languages and Computer Architecture (FPCA)"}
// @string{haskell="Haskell Symposium"}                                    
// @string{hlcl="High-Level Concurrent Languages (HLCL)"}
// @string{icalp="International Colloquium on Automata, Languages and Programming (ICALP)"}
// @string{ice="Interaction and Concurrency Experience (ICE)"}
// @string{icfp="International Conference on Functional Programming (ICFP)"}
// @string{icse="International Conference on Software Engineering (ICSE)"}
// @string{ifip="International Federation for Information Processing World Computer Congress (IFIP)"}
// @string{ifl="Implementation of Functional Languages (IFL)"}                  
// @string{ilps="International Logic Programming Symposium (ILPS)"}
// @string{lics="Logic in Computer Science (LICS)"}
// @string{mfcs="Mathematical Foundations of Computer Science (MFCS)"}                  
// @string{ml="ML Workshop"}                  
// @string{oopsla="Object-Oriented Programming: Systems, Languages, and Applications (OOPSLA)"}
// @string{parle="Parallel Architectures and Languages Europe (PARLE)"}
// @string{pepm="Partial Evaluation meets Program Manipulation (PEPM)"}
// @string{pldi="Programming Language Design and Implementation (PLDI)"}
// @string{plpv="Programming Languages meets Program Verification (PLPV)"}
// @string{pods="Principles of Database Systems (PODS)"}
// @string{popl="Principles of Programming Languages (POPL)"}
// @string{ppdp="Principles and Practice of Declarative Programming (PPDP)"}
// @string{scheme="Scheme Workshop"}
// @string{stop="Script-to-Program Evolution (STOP)"}
// @string{tfp="Trends in Functional Programming (TFP)"}
// @string{tlca="Typed Lambda Calculi and Applications (TLCA)"}
// @string{tldi="Types in Language Design and Implementation (TLDI)"}

// @string{acta="Acta Informatica"}
// @string{compsurv="Computing Surveys"}                  
// @string{entcs="Electronic Notes in Theoretical Computer Science"}
// @string{hosc="Higher-Order and Symbolic Computation"}
// @string{iandc="Information and Computation"}
// @string{jacm="Journal of the ACM"}                  
// @string{jcss="Journal of Computer and Systems Science"}                  
// @string{jfp="Journal of Functional Programming"}
// @string{jsl="Journal of Symbolic Logic"}                  
// @string{lispsc="Lisp and Symbolic Computation"}                  
// @string{lncs="Lecture Notes in Computer Science"}
// @string{mscs="Mathematical Structures in Computer Science"}                  
// @string{tcs="Theoretical Computer Science"}
// @string{toplas="Transactions on Programming Languages and Systems"}

@string{aplas="APLAS"}                  
@string{concur="CONCUR"}                  
@string{cpp="CPP"}
@string{csl="CSL"}
@string{dls="DLS"}
@string{dbpl="DBPL"}
@string{ecoop="ECOOP"}
@string{esop="ESOP"}
@string{eurosys="EuroSys"}
@string{flops="FLOPS"}
@string{fossacs="FoSSaCS"}
@string{gpce="GPCE"}
@string{fpca="FPCA"}
@string{haskell="Haskell"}                  
@string{hlcl="HLCL"}
@string{icalp="ICALP"}
@string{ice="ICE"}
@string{icfp="ICFP"}
@string{icse="ICSE"}
@string{ifip="IFIP"}
@string{ifl="IFL"}                  
@string{ilps="ILPS"}
@string{lics="LICS"}
@string{mfcs="MFCS"}                  
@string{ml="ML"}                  
@string{oopsla="OOPSLA"}
@string{parle="PARLE"}
@string{pepm="PEPM"}
@string{pldi="PLDI"}
@string{plpv="PLPV"}
@string{pods="PODS"}
@string{popl="POPL"}
@string{ppdp="PPDP"}
@string{scheme="Scheme"}
@string{sigmod="SIGMOD"}                  
@string{stop="STOP"}
@string{tfp="TFP"}
@string{tlca="TLCA"}
@string{tldi="TLDI"}

@string{acta="Acta Informatica"}
@string{cacm="CACM"}                  
@string{compsurv="Computing Surveys"}                  
@string{entcs="ENTCS"}
@string{hosc="HOSC"}
@string{iandc="I\&C"}
@string{jacm="JACM"}                  
@string{jcss="JCSS"}                  
@string{jfp="JFP"}
@string{jsl="JSL"}                  
@string{lispsc="Lisp and Symbolic Computation"}                  
@string{lncs="LNCS"}
@string{mscs="MSCS"}                  
@string{tcs="TCS"}
@string{toplas="TOPLAS"}

@inproceedings{a-normal-form,
  title={The essence of compiling with continuations},
  author={Cormac Flanagan and Amr Sabry and Bruce F Duba and Matthias Felleisen},
  booktitle=pldi,
//pages={237--247},
  year={1993},
  organization={ACM}
}
@inproceedings{fsharplinq,
  title={Leveraging {.NET} meta-programming components from {F\#}: integrated queries and interoperable heterogeneous execution},
  author={Syme, Don},
  booktitle=ml,
  year={2006},
  publisher={ACM},
}
@inproceedings{csharplinq,
  title={{LINQ}: reconciling object, relations and {XML} in the {.NET} framework},
  author={Meijer, E. and Beckman, B. and Bierman, G.},
  booktitle=sigmod,
  year={2006},
  publisher={ACM},
}
@article{call-by-need,
  title={The call-by-need lambda calculus},
  author={Maraist, J. and Odersky, M. and Wadler, P.},
  journal=jfp,
  volume={8},
  number={03},
//pages={275--317},
  year={1998},
  publisher={Cambridge Univ Press}
}
@article{Gentzen-1935,
  title={Untersuchungen {\"u}ber das logische Schlie{\ss}en. I},
  author={Gentzen, Gerhard},
  journal={Mathematische zeitschrift},
  volume={39},
  number={1},
//pages={176--210},
  year={1935},
  publisher={Springer}
}
@inproceedings{hoas,
  title={Higher-order abstract syntax},
  author={Pfenning, F. and Elliot, C.},
  booktitle=pldi,
  year={1988},
}
@inproceedings{type-families,
  title={Associated types with class},
  author={Chakravarty, M. and Keller, G. and Peyton Jones, S. and Marlow, S.},
  booktitle=popl,
  year={2005},
  publisher={ACM},
}
@inproceedings{mainland-quoted,
  title={Why it's nice to be quoted: quasiquoting for {Haskell}},
  author={Mainland, G.},
  booktitle=haskell,
  year={2007},
  publisher={ACM},
}
@inproceedings{scalalms,
  title={Lightweight modular staging: a pragmatic approach to runtime code generation and compiled {DSL}s},
  author={Rompf, T. and Odersky, M.},
  booktitle=gpce,
  year={2010},
  publisher={ACM},
}
@inproceedings{svenningsson:combining,
  author    = {Svenningsson, J. and
               Axelsson, E.},
  title     = {Combining Deep and Shallow Embedding for {EDSL}},
  booktitle = tfp,
  year      = {2012},
  publisher = {Springer},
}
@inproceedings{cheney:linq,
  author    = {Cheney, J. and
               Lindley, S. and
               Wadler, P.},
  title     = {A practical theory of language-integrated query},
  booktitle = icfp,
  publisher = {ACM},
  year      = {2013},
}
@inproceedings{PerssonAS11,
  author    = {Persson, A. and
               Axelsson, E. and
               Svenningsson, J.},
  title     = {Generic Monadic Constructs for Embedded Languages},
  booktitle = ifl,
  year      = {2011},
}
@inproceedings{SculthorpeBGG13,
  author    = {Sculthorpe, N. and
               Bracker, J. and
               Giorgidze, G. and
               Gill, A.},
  title     = {The constrained-monad problem},
  booktitle = icfp,
  year      = {2013},
  publisher = {ACM},
}
@inproceedings{SvenningssonS13,
  author    = {Svenningsson, J. and
               Svensson, B.},
  title     = {Simple and compositional reification of monadic embedded languages},
  booktitle = icfp,
  year      = {2013},
  publisher = {ACM},
}
@inproceedings{FELDSPAR,
author={E. Axelsson and others},                  
title={{F}eldspar: {A} Domain Specific Language for Digital Signal Processing Algorithms},
booktitle={{MEMOCODE}},
year={2010},
}
// author={Axelsson, E. and Claessen, K. and D\'{e}vai, G. and Horv\'{a}th, Z. and
//    Keijzer, K. and Lyckeg\r{a}rd, B. and Persson, A. and Sheeran, M. and Svenningsson,
//   J. and Vajdax, A.},

@inproceedings{reid1999prototyping,
  author={Reid, A. and Peterson, J. and Hager, G. and Hudak, P.},
  title={Prototyping Real-time Vision Systems: An Experiment in {DSL} Design},
  booktitle=icse,
  year={1999},
//publisher={ACM},
}

@inproceedings{bjesse1998lava,
  author={Bjesse, P. and Claessen, K. and Sheeran, M. and Singh, S.},
  title={{Lava}: Hardware Design in {Haskell}},
  booktitle=icfp,
  year={1998},
//publisher={ACM},
}

@inproceedings{ankner2013edsl,
 author={Ankner, J. and Svenningsson, J.},
 title={An {EDSL} approach to high performance {Haskell} programming},
  booktitle=haskell,
  year={2013},
//publisher={ACM},
}

@inproceedings{gill2009type,
  author={Gill, A.},
  title={Type-safe observable sharing in {Haskell}},
  booktitle=haskell,
  year={2009},
//publisher={ACM},
}

@inproceedings{hughes1999restricted,
  author={Hughes, J.},
  title={Restricted data types in {Haskell}},
  booktitle=haskell,
  year={1999},
//publisher={ACM},
}
@inproceedings{claessen:push,
  author={Claessen, K. and Sheeran, M. and Svensson, B.},
  title={Expressive array constructs in an embedded {GPU} kernel programming language},
  booktitle={{DAMP}},
  year={2012},
  publisher={ACM},
}

@inproceedings{Lindley07,
  author    = {Lindley, S.},
  title     = {Extensional Rewriting with Sums},
  booktitle = tlca,
  year      = {2007},
  publisher = {Springer},
}

@inproceedings{NIKOLA,
 author = {Mainland, G. and Morrisett, G.},
 title = {{{Nikola}: embedding compiled {GPU} functions in {Haskell}}},
 booktitle = haskell,
 year = {2010},
 publisher = {ACM},
}

@incollection{svensson2011obsidian,
  author={Svensson, J. and Sheeran, M. and Claessen, K.},
  title={{Obsidian}: A Domain Specific Embedded Language for Parallel Programming of Graphics Processors},
  booktitle=ifl,
//pages={156--173},
  year={2011},
  publisher={Springer}
}

@article{hudak1997domain,
  title={Domain-specific Languages},
  author={Hudak, P.},
  journal={Handbook of Programming Languages},
  volume={3},
  pages={39--60},
  year={1997}
}

@article{Bentley-1986,
 author = {Bentley, J.},
 title = {Programming pearls: {L}ittle languages},
 journal = cacm,
 volume = {29},
 number = {8},
 year = {1986},
 pages = {711--721},
 publisher = {ACM},
//issue_date = {Aug. 1986},
//month = aug,
//issn = {0001-0782},
//numpages = {11},
//acmid = {315691},
//address = {New York, NY, USA},
}

@incollection{claessen1999observable,
  title={Observable sharing for functional circuit description},
  author={Claessen, K. and Sands, D.},
  booktitle={{ASIAN}},
//pages={62--73},
  year={1999},
  publisher={Springer}
}

@incollection{giorgidze2011embedding,
  title={Embedding a functional hybrid modelling language in {Haskell}},
  author={Giorgidze, G. and Nilsson, H.},
  booktitle={{IFL}},
//pages={138--155},
  year={2011},
  publisher={Springer}
}

@article{Gill:14:DSLs-and-Synthesis,
  author = {Gill, A.},
  title = {Domain-specific Languages and Code Synthesis Using {Haskell}},
  journal = {Commun. ACM},
  issue_date = {June 2014},
  volume = {57},
  number = {6},
//month = {jun},
  year = {2014},
//issn = {0001-0782},
//pages = {42--49},
//numpages = {8},
//acmid = {2605205},
  publisher = {ACM},
  address = {New York, NY, USA},
//note = {Also appeared in ACM Queue, Vol 12(4), April 2014},
}

@Misc{feldspar-github,
  title = 	 {Feldspar Github repository},
  author = {Feldspar},
  year = 2015,                   
  note  = {https://github.com/Feldspar/feldspar-language}
}

@incollection{odonnell:sharing,
  title={Generating netlists from executable circuit specifications in a pure functional language},
  author={John O'Donnell},
  booktitle={Functional Programming, Glasgow},
//pages={178--194},
  year={1993},
  publisher={Springer}
}
@inproceedings{metahaskell,
  title={Explicitly heterogeneous metaprogramming with {M}eta{H}askell},
  author={Mainland, G.},
  booktitle=icfp,
  year={2012},
  publisher={ACM}
}
@book{Prawitz-1965,
  author    = {Dag Prawitz},
  title     = {Natural Deduction: A Proof-Theoretical Study},
  publisher = {Almqvist and Wiksell},
  address   = {Stockholm},                 
  year      = {1965}
}
@techreport{Hart-1963,
  author      = {Timothy P. Hart},
  title       = {{MACRO} Definitions for {LISP}},
  institution = {MIT},
  number      = {AIM-057},
  year        = {1963}
}
@article{McCarthy-1960,
  title={Recursive functions of symbolic expressions and their computation by machine, {P}art {I}},  author={McCarthy, John},
  journal=cacm,
  volume={3},
  number={4},
  pages={184--195},
  year={1960},
  publisher={ACM}
}

@article{Davies-Pfenning-2001,
  author      = {Rowan Davies and Frank Pfenning},
  title       = {A modal analysis of staged computation},
  journal     = jacm,
  volume      = {48},
  number      = {3},
  pages       = {555--604},
  year        = {2001}
}
@inproceedings{Davies-Pfenning-1996,
  author      = {Rowan Davies and Frank Pfenning},
  title       = {A modal analysis of staged computation},
  booktitle   = popl,
  editor      = {Guy Steele, Jr.},
  address     = {St. Petersburg Beach, Florida},
  organization= {ACM},
  pages       = {258--270},
  year        = {1996}
}
@inproceedings{Wong-1993,
  title       = {Normal forms and conservative properties for query languages
                 over collection types},
  author      = {Limsoon Wong},
  booktitle   = pods,
  pages       = {26--36},
  year        =	{1993},
  organization=	{ACM}
}
@article{Wong-1996,
  author    = {Limsoon Wong},
  title     = {Normal Forms and Conservative Extension Properties for Query Languages
               over Collection Types},
  journal   = jcss,
  volume    = {52},
  number    = {3},
  pages     = {495--505},
  year      = {1996},
//OPTurl    = {http://dx.doi.org/10.1006/jcss.1996.0037},
//OPTdoi    = {10.1006/jcss.1996.0037},
//timestamp = {Sat, 29 Dec 4441584 03:05:52 +},
//biburl    = {http://dblp.uni-trier.de/rec/bib/journals/jcss/Wong96},
//bibsource = {dblp computer science bibliography, http://dblp.org}
}
@incollection{Howard-1980,
  author    = {W. A. Howard},
  title     = {The formulae-as-types notion of construction},
  booktitle = {To H.~B.~Curry},
  editors   = {J. P. Seldin and J. R. Hindley},
  year      = {1980},
  pages     = {479--491},
  publisher = {Academic Press},
}
//  booktitle = {To H.~B.~Curry:
//               Essays on Combinatory Logic, Lambda Calculus, and Formalism},
//  note      = {The original version was circulated privately in 1969.}
                  
@article{Wadler-2015,
  author      = {Philip Wadler},
  title       = {Propositions as Types},
  journal     = cacm,
  year        = {2015},
  note        = {To appear.}
}
@article{Moggi-1991,
  title={Notions of computation and monads},
  author={Moggi, Eugenio},
  journal=iandc,
  volume={93},
  number={1},
//pages={55--92},
  year={1991},
  publisher={Elsevier}
}
@book{Nielson-2005,
  title={Two-level functional languages},
  author={Nielson, Flemming and Nielson, Hanne Riis},
//volume={34},
  year={2005},
  publisher={Cambridge University Press}
}
% bounds for reduction in simply-typed lambda calculus
@article{Beckmann01,
  author    = {Arnold Beckmann},
  title     = {Exact Bounds for Lengths of Reductions in Typed lambda-Calculus},
  journal   = {J. Symb. Log.},
  volume    = {66},
  number    = {3},
  pages     = {1277--1285},
  year      = {2001},
  url       = {http://dx.doi.org/10.2307/2695106},
  doi       = {10.2307/2695106},
  timestamp = {Thu, 05 Jan 4440333 01:38:24 +},
  biburl    = {http://dblp.uni-trier.de/rec/bib/journals/jsyml/Beckmann01},
  bibsource = {dblp computer science bibliography, http://dblp.org}
}
% article that Shayan mentioned about huge blow-ups resulting from
% cut reduction
@article{
  year={1984},
  issn={0022-3611},
  journal={Journal of Philosophical Logic},
  volume={13},
  number={4},
  doi={10.1007/BF00247711},
  title={Don't eliminate cut},
  url={http://dx.doi.org/10.1007/BF00247711},
  publisher={Kluwer Academic Publishers},
  author={Boolos, George},
  pages={373-378},
  language={English}
}
@article{rompf2013scala,
  title={Scala-virtualized: Linguistic reuse for deep embeddings},
  author={Rompf, Tiark and Amin, Nada and Moors, Adriaan and Haller, Philipp and Odersky, Martin},
  journal=hosc,
//pages={1--43},
  year={2013},
  publisher={Springer}
}
@incollection{sujeeth2013composition,
  title={Composition and reuse with compiled domain-specific languages},
  author={Arvind K Sujeeth and others},
  booktitle=ecoop,
//pages={52--78},
  year={2013},
  publisher={Springer}
}

@phdthesis{rompf2012lightweight,
  title={Lightweight Modular Staging and Embedded Compilers: Abstraction without Regret for High-Level High-Performance Programming},
  author={Rompf, Tiark},
  year={2012},
  school={EPFL}
}

% language integrated query through normalisations and effects
@inproceedings{LindleyC12,
  author    = {Sam Lindley and
               James Cheney},
  title     = {Row-based effect types for database integration},
  booktitle = tldi,
//OPTpages  = {91--102},
  year      = {2012},
  crossref  = {DBLP:conf/tldi/2012},
//OPTurl       = {http://doi.acm.org/10.1145/2103786.2103798},
//OPTdoi       = {10.1145/2103786.2103798},
//timestamp = {Fri, 18 May 2012 21:47:05 +0200},
//biburl    = {http://dblp.uni-trier.de/rec/bib/conf/tldi/LindleyC12},
//bibsource = {dblp computer science bibliography, http://dblp.org}
}

@proceedings{DBLP:conf/tldi/2012,
  editor    = {Benjamin C. Pierce},
  title     = tldi,
  publisher = {{ACM}},
  year      = {2012},
//OPTurl       = {http://dl.acm.org/citation.cfm?id=2103786},
//OPTisbn      = {978-1-4503-1120-5},
//timestamp = {Sat, 23 Dec 4427245 01:02:08 +Seventh},
//biburl    = {http://dblp.uni-trier.de/rec/bib/conf/tldi/2012},
//bibsource = {dblp computer science bibliography, http://dblp.org}
}


@inproceedings{CheneyLRW14,
  author    = {James Cheney and
               Sam Lindley and
               Gabriel Radanne and
               Philip Wadler},
  title     = {Effective quotation},
  booktitle = pepm,
//OPTpages     = {15--26},
  year      = {2014},
//crossref  = {DBLP:conf/pepm/2014},
//OPTurl       = {http://doi.acm.org/10.1145/2543728.2543738},
//OPTdoi       = {10.1145/2543728.2543738},
//timestamp = {Thu, 09 Jan 2014 10:44:12 +0100},
//biburl    = {http://dblp.uni-trier.de/rec/bib/conf/pepm/CheneyLRW14},
//bibsource = {dblp computer science bibliography, http://dblp.org}
}
title     = {Effective quotation: relating approaches to language-integrated query},

@proceedings{DBLP:conf/pepm/2014,
  editor    = {Wei{-}Ngan Chin and
               Jurriaan Hage},
  title     = pepm,
  publisher = {{ACM}},
  year      = {2014},
//OPTurl       = {http://dl.acm.org/citation.cfm?id=2543728},
//OPTisbn      = {978-1-4503-2619-3},
//timestamp = {Mon, 17 Dec 4447235 19:37:52 +},
//biburl    = {http://dblp.uni-trier.de/rec/bib/conf/pepm/2014},
//bibsource = {dblp computer science bibliography, http://dblp.org}
}


@inproceedings{CheneyLW14,
  author    = {James Cheney and
               Sam Lindley and
               Philip Wadler},
  title     = {Query shredding},
  booktitle = sigmod,
//OPTpages     = {1027--1038},
  year      = {2014},
//crossref  = {DBLP:conf/sigmod/2014},
//OPTurl       = {http://doi.acm.org/10.1145/2588555.2612186},
//OPTdoi       = {10.1145/2588555.2612186},
//timestamp = {Sun, 22 Jun 2014 11:31:11 +0200},
//biburl    = {http://dblp.uni-trier.de/rec/bib/conf/sigmod/CheneyLW14},
//bibsource = {dblp computer science bibliography, http://dblp.org}
}
//  title     = {Query shredding: efficient relational evaluation of queries over nested
//               multisets},

@proceedings{DBLP:conf/sigmod/2014,
  editor    = {Curtis E. Dyreson and
               Feifei Li and
               M. Tamer {\"{O}}zsu},
  title     = sigmod,
  publisher = {{ACM}},
  year      = {2014},
//OPTurl       = {http://dl.acm.org/citation.cfm?id=2588555},
//OPTisbn      = {978-1-4503-2376-5},
//timestamp = {Mon, 07 Dec 4429125 03:59:12 +},
//biburl    = {http://dblp.uni-trier.de/rec/bib/conf/sigmod/2014},
//bibsource = {dblp computer science bibliography, http://dblp.org}
}

@inproceedings{Cooper09,
  author    = {Ezra Cooper},
  booktitle = dbpl,
  title     = {The Script-Writer's Dream},
//pages     = {36--51},
  year      = {2009},
//crossref  = {DBLP:conf/dbpl/2009},
//OPTurl       = {http://dx.doi.org/10.1007/978-3-642-03793-1_3},
//OPTdoi       = {10.1007/978-3-642-03793-1_3},
//timestamp = {Thu, 20 Aug 2009 15:24:00 +0200},
//biburl    = {http://dblp.uni-trier.de/rec/bib/conf/dbpl/Cooper09},
//bibsource = {dblp computer science bibliography, http://dblp.org}
}
//  title     = {The Script-Writer's Dream: How to Write Great {SQL} in Your Own Language,
//               and Be Sure It Will Succeed},

@proceedings{DBLP:conf/dbpl/2009,
  editor    = {Philippa Gardner and
               Floris Geerts},
  title     = dbpl,
  series    = {Lecture Notes in Computer Science},
  volume    = {5708},
  publisher = {Springer},
  year      = {2009},
//OPTisbn      = {978-3-642-03792-4},
//timestamp = {Tue, 05 Apr 4449138 15:30:40 +nce},
//biburl    = {http://dblp.uni-trier.de/rec/bib/conf/dbpl/2009},
//bibsource = {dblp computer science bibliography, http://dblp.org}
}

@book{jones1993partial,
  title={Partial evaluation and automatic program generation},
  author={Jones, Neil D and Gomard, Carsten K and Sestoft, Peter},
  year={1993},
  publisher={Peter Sestoft}
}
