@inproceedings{SvenningssonA12,
  author    = {Josef Svenningsson and
               Emil Axelsson},
  title     = {Combining Deep and Shallow Embedding for {EDSL}},
  booktitle = {Trends in Functional Programming - 13th International Symposium, {TFP}
               2012, St. Andrews, UK, June 12-14, 2012, Revised Selected Papers},
  year      = {2012},
  pages     = {21--36},
  crossref  = {DBLP:conf/sfp/2012},
  url       = {http://dx.doi.org/10.1007/978-3-642-40447-4_2},
  doi       = {10.1007/978-3-642-40447-4_2},
  timestamp = {Sat, 11 Oct 2014 15:42:27 +0200},
  biburl    = {http://dblp.uni-trier.de/rec/bib/conf/sfp/SvenningssonA12},
  bibsource = {dblp computer science bibliography, http://dblp.org}
}

@proceedings{DBLP:conf/sfp/2012,
  editor    = {Hans{-}Wolfgang Loidl and
               Ricardo Pe{\~{n}}a},
  title     = {Trends in Functional Programming - 13th International Symposium, {TFP}
               2012, St. Andrews, UK, June 12-14, 2012, Revised Selected Papers},
  series    = {Lecture Notes in Computer Science},
  year      = {2013},
  volume    = {7829},
  publisher = {Springer},
  url       = {http://dx.doi.org/10.1007/978-3-642-40447-4},
  doi       = {10.1007/978-3-642-40447-4},
  isbn      = {978-3-642-40446-7},
  timestamp = {Sat, 11 Oct 2014 15:42:27 +0200},
  biburl    = {http://dblp.uni-trier.de/rec/bib/conf/sfp/2012},
  bibsource = {dblp computer science bibliography, http://dblp.org}
}

@inproceedings{CheneyLW13,
  author    = {James Cheney and
               Sam Lindley and
               Philip Wadler},
  title     = {A practical theory of language-integrated query},
  booktitle = {{ACM} {SIGPLAN} International Conference on Functional Programming,
               ICFP'13, Boston, MA, {USA} - September 25 - 27, 2013},
  year      = {2013},
  pages     = {403--416},
  crossref  = {DBLP:conf/icfp/2013},
  url       = {http://doi.acm.org/10.1145/2500365.2500586},
  doi       = {10.1145/2500365.2500586},
  timestamp = {Sat, 11 Oct 2014 15:14:14 +0200},
  biburl    = {http://dblp.uni-trier.de/rec/bib/conf/icfp/CheneyLW13},
  bibsource = {dblp computer science bibliography, http://dblp.org}
}

Typeclass constraints in monads

@inproceedings{PerssonAS11,
  author    = {Anders Persson and
               Emil Axelsson and
               Josef Svenningsson},
  title     = {Generic Monadic Constructs for Embedded Languages},
  booktitle = {Implementation and Application of Functional Languages - 23rd International
               Symposium, {IFL} 2011, Lawrence, KS, USA, October 3-5, 2011, Revised
               Selected Papers},
  year      = {2011},
  pages     = {85--99},
  crossref  = {DBLP:conf/ifl/2011},
  url       = {http://dx.doi.org/10.1007/978-3-642-34407-7_6},
}

@proceedings{DBLP:conf/ifl/2011,
  editor    = {Andy Gill and
               Jurriaan Hage},
  title     = {Implementation and Application of Functional Languages - 23rd International
               Symposium, {IFL} 2011, Lawrence, KS, USA, October 3-5, 2011, Revised
               Selected Papers},
  series    = {Lecture Notes in Computer Science},
  year      = {2012},
  volume    = {7257},
  publisher = {Springer},
  url       = {http://dx.doi.org/10.1007/978-3-642-34407-7},
}

@inproceedings{SculthorpeBGG13,
  author    = {Neil Sculthorpe and
               Jan Bracker and
               George Giorgidze and
               Andy Gill},
  title     = {The constrained-monad problem},
  booktitle = {{ACM} {SIGPLAN} International Conference on Functional Programming,
               ICFP'13, Boston, MA, {USA} - September 25 - 27, 2013},
  year      = {2013},
  pages     = {287--298},
  crossref  = {DBLP:conf/icfp/2013},
  url       = {http://doi.acm.org/10.1145/2500365.2500602},
  doi       = {10.1145/2500365.2500602},
  timestamp = {Thu, 09 Oct 2014 00:51:14 +0200},
  biburl    = {http://dblp.uni-trier.de/rec/bib/conf/icfp/SculthorpeBGG13},
  bibsource = {dblp computer science bibliography, http://dblp.org}
}

@inproceedings{SvenningssonS13,
  author    = {Josef Svenningsson and
               Bo Joel Svensson},
  title     = {Simple and compositional reification of monadic embedded languages},
  booktitle = {{ACM} {SIGPLAN} International Conference on Functional Programming,
               ICFP'13, Boston, MA, {USA} - September 25 - 27, 2013},
  year      = {2013},
  pages     = {299--304},
  crossref  = {DBLP:conf/icfp/2013},
  url       = {http://doi.acm.org/10.1145/2500365.2500611},
  doi       = {10.1145/2500365.2500611},
  timestamp = {Thu, 09 Oct 2014 00:52:24 +0200},
  biburl    = {http://dblp.uni-trier.de/rec/bib/conf/icfp/SvenningssonS13},
  bibsource = {dblp computer science bibliography, http://dblp.org}
}

@proceedings{DBLP:conf/icfp/2013,
  editor    = {Greg Morrisett and
               Tarmo Uustalu},
  title     = {{ACM} {SIGPLAN} International Conference on Functional Programming,
               ICFP'13, Boston, MA, {USA} - September 25 - 27, 2013},
  year      = {2013},
  publisher = {{ACM}},
  url       = {http://dl.acm.org/citation.cfm?id=2500365},
  isbn      = {978-1-4503-2326-0},
  timestamp = {Thu, 09 Oct 2014 00:51:14 +0200},
  biburl    = {http://dblp.uni-trier.de/rec/bib/conf/icfp/2013},
  bibsource = {dblp computer science bibliography, http://dblp.org}
}

@article{NIKOLA,
 author = {Mainland, Geoffrey and Morrisett, Greg},
 title = {{Nikola: embedding compiled {GPU} functions in Haskell}},
 journal = {SIGPLAN Not.},
 issue_date = {November 2010},
 volume = {45},
 number = {11},
 year = {2010},
 publisher = {ACM},
} 
